<?xml version="1.0" encoding="UTF-8"?><collection xmlns="http://www.loc.gov/MARC21/slim"><record><leader>00372nam--2200121-i-4500</leader><controlfield tag="001">000007432</controlfield><controlfield tag="002">20161230</controlfield><controlfield tag="005">20161230201027</controlfield><controlfield tag="008">060222s1000------------r-----000-0-eng-d</controlfield><datafield ind1=" " ind2=" " tag="100"><subfield code="a">Dirr, Bodo Und Kollmann, Eckhard</subfield></datafield><datafield ind1=" " ind2=" " tag="245"><subfield code="a">Losungen regelungstechnischer ubungsaufgaben</subfield></datafield><datafield ind1=" " ind2=" " tag="260"><subfield code="a">Braunschweig, Friedr.Vieweg &amp; Sohn, 1963</subfield></datafield><datafield ind1=" " ind2=" " tag="490"><subfield code="a">Regelungstechnik In Einzeldarstellungen</subfield></datafield></record></collection>